@article{knottenbelt2012common,
  title={A common-opponent stochastic model for predicting the outcome of professional tennis matches},
  author={Knottenbelt, William J and Spanias, Demetris and Madurska, Agnieszka M},
  journal={Computers \& Mathematics with Applications},
  volume={64},
  number={12},
  pages={3820--3827},
  year={2012},
  publisher={Elsevier}
}

@inproceedings{voeikov2020ttnet,
  title={TTNet: Real-time temporal and spatial video analysis of table tennis},
  author={Voeikov, Roman and Falaleev, Nikolay and Baikulov, Ruslan},
  booktitle={Proceedings of the IEEE/CVF Conference on Computer Vision and Pattern Recognition Workshops},
  pages={884--885},
  year={2020}
}

@article{sipko2015machine,
  title={Machine learning for the prediction of professional tennis matches},
  author={Sipko, Michal and Knottenbelt, William},
  journal={MEng computing-final year project, Imperial College London},
  year={2015}
}

@article{barnett2005combining,
  title={Combining player statistics to predict outcomes of tennis matches},
  author={Barnett, Tristan and Clarke, Stephen R},
  journal={IMA Journal of Management Mathematics},
  volume={16},
  number={2},
  pages={113--120},
  year={2005},
  publisher={Oxford University Press}
}

@inproceedings{cassidy2014calculating,
  title={Calculating feature importance in data streams with concept drift using Online Random Forest},
  author={Cassidy, Andrew Phelps and Deviney, Frank A},
  booktitle={2014 IEEE International Conference on Big Data (Big Data)},
  pages={23--28},
  year={2014},
  organization={IEEE}
}

@article{breiman2001random,
  title={Random forests},
  author={Breiman, Leo},
  journal={Machine learning},
  volume={45},
  number={1},
  pages={5--32},
  year={2001},
  publisher={Springer}
}

@article{cornman2017machine,
  title={Machine learning for professional tennis match prediction and betting},
  author={Cornman, Andre and Spellman, Grant and Wright, Daniel},
  journal={Stanford Unverisity},
  year={2017}
}

@article{pedregosa2011scikit,
  title={Scikit-learn: Machine learning in Python},
  author={Pedregosa, Fabian and Varoquaux, Ga{\"e}l and Gramfort, Alexandre and Michel, Vincent and Thirion, Bertrand and Grisel, Olivier and Blondel, Mathieu and Prettenhofer, Peter and Weiss, Ron and Dubourg, Vincent and others},
  journal={the Journal of machine Learning research},
  volume={12},
  pages={2825--2830},
  year={2011},
  publisher={JMLR. org}
}

@inproceedings{hucaljuk2011predicting,
  title={Predicting football scores using machine learning techniques},
  author={Hucaljuk, Josip and Rakipovi{\'c}, Alen},
  booktitle={2011 Proceedings of the 34th International Convention MIPRO},
  pages={1623--1627},
  year={2011},
  organization={IEEE}
}

@article{kourou2015machine,
  title={Machine learning applications in cancer prognosis and prediction},
  author={Kourou, Konstantina and Exarchos, Themis P and Exarchos, Konstantinos P and Karamouzis, Michalis V and Fotiadis, Dimitrios I},
  journal={Computational and structural biotechnology journal},
  volume={13},
  pages={8--17},
  year={2015},
  publisher={Elsevier}
}

@inproceedings{weiss1989empirical,
  title={An empirical comparison of pattern recognition, neural nets, and machine learning classification methods.},
  author={Weiss, Sholom M and Kapouleas, Ioannis},
  booktitle={IJCAI},
  volume={89},
  pages={781--787},
  year={1989},
  organization={Citeseer}
}

@article{larranaga2006machine,
  title={Machine learning in bioinformatics},
  author={Larranaga, Pedro and Calvo, Borja and Santana, Roberto and Bielza, Concha and Galdiano, Josu and Inza, Inaki and Lozano, Jos{\'e} A and Armananzas, Rub{\'e}n and Santaf{\'e}, Guzm{\'a}n and P{\'e}rez, Aritz and others},
  journal={Briefings in bioinformatics},
  volume={7},
  number={1},
  pages={86--112},
  year={2006},
  publisher={Oxford University Press}
}

@article{khan2020machine,
  title={Machine learning in computer vision},
  author={Khan, Asharul Islam and Al-Habsi, Salim},
  journal={Procedia Computer Science},
  volume={167},
  pages={1444--1451},
  year={2020},
  publisher={Elsevier}
}

@article{kotsiantis2006machine,
  title={Machine learning: a review of classification and combining techniques},
  author={Kotsiantis, Sotiris B and Zaharakis, Ioannis D and Pintelas, Panayiotis E},
  journal={Artificial Intelligence Review},
  volume={26},
  number={3},
  pages={159--190},
  year={2006},
  publisher={Springer}
}

@article{kotsiantis2007supervised,
  title={Supervised machine learning: A review of classification techniques},
  author={Kotsiantis, Sotiris B and Zaharakis, Ioannis and Pintelas, P and others},
  journal={Emerging artificial intelligence applications in computer engineering},
  volume={160},
  number={1},
  pages={3--24},
  year={2007},
  publisher={Amsterdam}
}

@article{zhang2010visual,
  title={Visual measurement and prediction of ball trajectory for table tennis robot},
  author={Zhang, Zhengtao and Xu, De and Tan, Min},
  journal={IEEE Transactions on Instrumentation and Measurement},
  volume={59},
  number={12},
  pages={3195--3205},
  year={2010},
  publisher={IEEE}
}

@article{clarke2000using,
  title={Using official ratings to simulate major tennis tournaments},
  author={Clarke, Stephen R and Dyte, David},
  journal={International transactions in operational research},
  volume={7},
  number={6},
  pages={585--594},
  year={2000},
  publisher={Wiley Online Library}
}

@article{bollegala2017dynamic,
  title={Dynamic feature scaling for online learning of binary classifiers},
  author={Bollegala, Danushka},
  journal={Knowledge-Based Systems},
  volume={129},
  pages={97--105},
  year={2017},
  publisher={Elsevier}
}

@misc{berrar2019cross,
  title={Cross-Validation.},
  author={Berrar, Daniel},
  year={2019}
}

@inproceedings{vanwinckelen2012estimating,
  title={On estimating model accuracy with repeated cross-validation},
  author={Vanwinckelen, Gitte and Blockeel, Hendrik},
  booktitle={BeneLearn 2012: Proceedings of the 21st Belgian-Dutch conference on machine learning},
  pages={39--44},
  year={2012}
}

@inproceedings{hazan2014logistic,
  title={Logistic regression: Tight bounds for stochastic and online optimization},
  author={Hazan, Elad and Koren, Tomer and Levy, Kfir Y},
  booktitle={Conference on Learning Theory},
  pages={197--209},
  year={2014},
  organization={PMLR}
}

@article{noriega2005multilayer,
  title={Multilayer perceptron tutorial},
  author={Noriega, Leonardo},
  journal={School of Computing. Staffordshire University},
  year={2005},
  publisher={Citeseer}
}

@article{ahmadian1998regularisation,
  title={Regularisation methods for finite element model updating},
  author={Ahmadian, H and Mottershead, JE and Friswell, MI},
  journal={Mechanical Systems and Signal Processing},
  volume={12},
  number={1},
  pages={47--64},
  year={1998},
  publisher={Elsevier}
}

@misc{OSAI,
  title = {OSAI},
  howpublished = {\url{https://osai.ai/}},
  note = {Accessed: 2022-01-18}
}

@article{buckland1994relationship,
  title={The relationship between recall and precision},
  author={Buckland, Michael and Gey, Fredric},
  journal={Journal of the American society for information science},
  volume={45},
  number={1},
  pages={12--19},
  year={1994},
  publisher={Wiley Online Library}
}

@article{wang2019tac,
  title={Tac-simur: Tactic-based simulative visual analytics of table tennis},
  author={Wang, Jiachen and Zhao, Kejian and Deng, Dazhen and Cao, Anqi and Xie, Xiao and Zhou, Zheng and Zhang, Hui and Wu, Yingcai},
  journal={IEEE transactions on visualization and computer graphics},
  volume={26},
  number={1},
  pages={407--417},
  year={2019},
  publisher={IEEE}
}

@misc{ITTF,
  title = {ITTF Handbook 2022},
  howpublished = {\url{https://documents.ittf.sport/document/284}},
  note = {Accessed: 2022-05-03}
}

@article{xing2010multiple,
  title={Multiple player tracking in sports video: A dual-mode two-way bayesian inference approach with progressive observation modeling},
  author={Xing, Junliang and Ai, Haizhou and Liu, Liwei and Lao, Shihong},
  journal={IEEE Transactions on Image Processing},
  volume={20},
  number={6},
  pages={1652--1667},
  year={2010},
  publisher={IEEE}
}

@article{claudino2019current,
  title={Current approaches to the use of artificial intelligence for injury risk assessment and performance prediction in team sports: a systematic review},
  author={Claudino, Jo{\~a}o Gustavo and Capanema, Daniel de Oliveira and de Souza, Thiago Vieira and Serr{\~a}o, Julio Cerca and Machado Pereira, Adriano C and Nassis, George P},
  journal={Sports medicine-open},
  volume={5},
  number={1},
  pages={1--12},
  year={2019},
  publisher={Springer}
}

@article{davoodi2010horse,
  title={Horse racing prediction using artificial neural networks},
  author={Davoodi, Elnaz and Khanteymoori, Ali Reza},
  journal={Recent Advances in Neural Networks, Fuzzy Systems \& Evolutionary Computing},
  volume={2010},
  pages={155--160},
  year={2010}
}

@article{bunker2019machine,
  title={A machine learning framework for sport result prediction},
  author={Bunker, Rory P and Thabtah, Fadi},
  journal={Applied computing and informatics},
  volume={15},
  number={1},
  pages={27--33},
  year={2019},
  publisher={Elsevier}
}

@article{vzemgulys2018recognition,
  title={Recognition of basketball referee signals from videos using Histogram of Oriented Gradients (HOG) and Support Vector Machine (SVM)},
  author={{\v{Z}}emgulys, Julius and Raudonis, Vidas and Maskeli{\=u}nas, Rytis and Dama{\v{s}}evi{\v{c}}ius, Robertas},
  journal={Procedia computer science},
  volume={130},
  pages={953--960},
  year={2018},
  publisher={Elsevier}
}

@article{fan2006understanding,
  title={Understanding receiver operating characteristic (ROC) curves},
  author={Fan, Jerome and Upadhye, Suneel and Worster, Andrew},
  journal={Canadian Journal of Emergency Medicine},
  volume={8},
  number={1},
  pages={19--20},
  year={2006},
  publisher={Cambridge University Press}
}

@inproceedings{sokolova2006beyond,
  title={Beyond accuracy, F-score and ROC: a family of discriminant measures for performance evaluation},
  author={Sokolova, Marina and Japkowicz, Nathalie and Szpakowicz, Stan},
  booktitle={Australasian joint conference on artificial intelligence},
  pages={1015--1021},
  year={2006},
  organization={Springer}
}
